<record><leader>00000cas a2200000 a 4500</leader><controlfield tag="001">11096728</controlfield><controlfield tag="008">840828d18921893ksuwr ne      0   a0eng d</controlfield><datafield ind1=" " ind2=" " tag="010"><subfield code="a">sn 84029454 </subfield></datafield><datafield ind1=" " ind2=" " tag="040"><subfield code="a">KSH</subfield><subfield code="b">eng</subfield><subfield code="c">KSH</subfield><subfield code="d">NPT</subfield><subfield code="d">OCL</subfield><subfield code="d">OCLCQ</subfield></datafield><datafield ind1=" " ind2=" " tag="042"><subfield code="a">msc</subfield></datafield><datafield ind1="0" ind2="4" tag="245"><subfield code="a">The Hope star.</subfield></datafield><datafield ind1=" " ind2=" " tag="260"><subfield code="a">Hope, Kan. :</subfield><subfield code="b">J.B. Milford,</subfield><subfield code="c">1892-1893.</subfield></datafield><datafield ind1=" " ind2=" " tag="300"><subfield code="a">1 v. :</subfield><subfield code="b">ill. ;</subfield><subfield code="c">54 cm.</subfield></datafield><datafield ind1=" " ind2=" " tag="310"><subfield code="a">Weekly</subfield></datafield><datafield ind1="0" ind2=" " tag="362"><subfield code="a">Vol. 1, no. 1 (Aug. 18, 1892)-v. 1, no. 22 (Jan. 13, 1893).</subfield></datafield><datafield ind1=" " ind2=" " tag="752"><subfield code="a">United States</subfield><subfield code="b">Kansas</subfield><subfield code="c">Dickinson</subfield><subfield code="d">Hope.</subfield></datafield><datafield ind1="0" ind2="4" tag="785"><subfield code="t">Abilene weekly chronicle</subfield><subfield code="w">(DLC)sn 84029390</subfield></datafield></record>